
% --- A -----------------------------------------------------------------------

@article{ackerman2017estimating,
  author = {Ackerman, Matthew S. and Johri, Parul and Spitze, Ken and Xu, Sen and Doak, Thomas G. and Young, Kimberly and Lynch, Michael},
  title = {Estimating Seven Coefficients of Pairwise Relatedness Using Population-Genomic Data},
  journal = {Genetics},
  year = {2017},
  volume = {206},
  number = {1},
  pages = {105–-118},
  doi = {10.1534/genetics.116.190660},
  url = {https://doi.org/10.1534/genetics.116.190660}
}

@article{aguilar2008recursive,
  author = {Aguilar, Ignacio and Misztal, Ignacy},
  title = {Recursive Algorithm for Inbreeding Coefficients Assuming Nonzero Inbreeding of Unknown Parents},
  journal = {Journal of Dairy Science},
  year = {2008},
  volume = {91},
  number = {4},
  pages = {1669--1672},
  doi = {10.3168/jds.2007-0575},
  url = {https://doi.org/10.3168/jds.2007-0575}
}

@article{aguilar2011efficient,
  author = {Aguilar, I. and Misztal, I. and Legarra, Andrés and Tsuruta, S.},
  title = {Efficient computation of the genomic relationship matrix and other matrices used in single-step evaluation},
  journal = {Journal of Animal Breeding and Genetics},
  year = {2011},
  volume = {128},
  number = {6},
  pages = {422--428},
  doi = {10.1111/j.1439-0388.2010.00912.x},
  url = {https://onlinelibrary.wiley.com/doi/abs/10.1111/j.1439-0388.2010.00912.x}
}

@article{anderson2007maximum,
  author = {Anderson, Amy D and Weir, Bruce S},
  title = {A Maximum-Likelihood Method for the Estimation of Pairwise Relatedness in Structured Populations},
  journal = {Genetics},
  year = {2007},
  volume = {176},
  number = {1},
  pages = {421-–440},
  doi = {10.1534/genetics.106.063149},
  url = {https://dx.doi.org/10.1534/genetics.106.063149}
}

@article{amadeu2023aghmatrix,
  author = {Amadeu, Rodrigo R. and Garcia, Antonio Augusto F. and Munoz, Patricio R. and Ferrão, Luís Felipe V.},
  title = {{AGHmatrix}: genetic relationship matrices in {R}},
  journal = {Bioinformatics},
  year = {2023},
  volume = {39},
  number = {7},
  pages = {btad445},
  doi = {10.1093/bioinformatics/btad445},
  url = {https://doi.org/10.1093/bioinformatics/btad445}
}

@article{amin2007genomic,
  author = {Amin, Najaf and van Duijn, Cornelia M. and Aulchenko, Yurii S.},
  title = {A Genomic Background Based Method for Association Analysis in Related Individuals},
  journal = {PLOS ONE},
  year = {2007},
  volume = {2},
  number = {12},
  pages = {1--7},
  doi = {10.1371/journal.pone.0001274},
  url = {https://doi.org/10.1371/journal.pone.0001274}
}

@article{andersontrocme2023genes,
  author = {Anderson-Trocm\'{e}, Luke and Nelson, Dominic and Zabad, Shadi and Diaz-Papkovich, Alex and Kryukov, Ivan and Baya, Nikolas and Touvier, Mathilde and Jeffery, Ben and Dina, Christian and Vézina, Hélène and Kelleher, Jerome and Gravel, Simon},
  title = {On the genes, genealogies, and geographies of Quebec},
  journal = {Science},
  year = {2023},
  volume = {380},
  number = {6647},
  pages = {849--855},
  doi = {10.1126/science.add5300},
  url = {https://www.science.org/doi/10.1126/science.add5300}
}

@book{arnold2023evolutionary,
  author = {Arnold, Stevan J.},
  title = {Evolutionary Quantitative Genetics Paperback},
  year = {2023},
  pages = {496},
  publisher = {Oxford University Press},
  address = {Oxford, UK}
}

@article{ashraf2014association,
  author = {Ashraf, Bilal H. and Jensen, Just and Asp, Torben and Janss, Luc L.},
  title = {Association studies using family pools of outcrossing crops based on allele-frequency estimates from DNA sequencing},
  journal = {Theoretical and Applied Genetics},
  year = {2014},
  volume = {127},
  number = {6},
  pages = {1331--1341},
  doi = {10.1007/s00122-014-2300-4},
  url = {https://doi.org/10.1007/s00122-014-2300-4}
}

@article{ashraf2016estimating,
  author = {Ashraf, Bilal H. and Byrne, Stephen and Fé, Dario and Czaban, Adrian and Asp, Torben and Pedersen, Morten G. and Lenk, Ingo and Roulund, Niels and Didion, Thomas and Jensen, Christian S. and Jensen, Just and Janss, Luc L.},
  title = {Estimating genomic heritabilities at the level of family-pool samples of perennial ryegrass using genotyping-by-sequencing},
  journal = {Theoretical and Applied Genetics},
  year = {2016},
  volume = {129},
  number = {1},
  pages = {45--52},
  doi = {10.1007/s00122-015-2607-9},
  url = {https://doi.org/10.1007/s00122-015-2607-9}
}

@article{astle2009population,
  author = {Astle, William and Balding, David J.},
  title = {Population Structure and Cryptic Relatedness in Genetic Association Studies},
  journal = {Statistical science},
  year = {2009},
  volume = {24},
  number = {4},
  pages = {451--471},
  doi = {10.1214/09-STS307},
  url = {https://doi.org/10.1214/09-STS307}
}

% --- B -----------------------------------------------------------------------

@incollection{bahadur1961representation,
  author  = {Bahadur, Raghu Raj},
  editor = {Solomon, Herbert},
  title = {A representation of the joint distribution of responses to n dichotomous items},
  bookTitle = {Studies in item analysis and prediction},
  year = {1961},
  publisher = {Stanford University Press},
  address = {Stanford, California, USA},
  pages = {158--168}
}

@article{balding1994dna,
  author = {Balding, David J. and Nichols, Richard A.},
  title = {DNA profile match probability calculation: how to allow for population stratification, relatedness, database selection and single bands},
  journal = {Forensic Science International},
  year = {1994},
  volume = {64},
  number = {2},
  pages = {125--140},
  doi = {10.1016/0379-0738(94)90222-4},
  url = {https://www.sciencedirect.com/science/article/pii/0379073894902224}
}

@article{barton2023infinitesimal,
  author = {Barton, N H and Etheridge, A M and Véber, A},
  title = {The infinitesimal model with dominance},
  journal = {Genetics},
  year = {2023},
  volume = {225},
  number = {2},
  pages = {iyad133},
  doi = {10.1093/genetics/iyad133},
  url = {https://doi.org/10.1093/genetics/iyad133}
}

@article{bernardo1999marker,
  author = {Bernardo, Rex},
  title = {{M}arker‐{A}ssisted {B}est {L}inear {U}nbiased {P}rediction of Single‐Cross Performance},
  journal = {Crop Science},
  year = {1999},
  volume = {39},
  number = {5},
  pages = {1277–-1282},
  doi = {10.2135/cropsci1999.3951277x},
  url = {https://dx.doi.org/10.2135/cropsci1999.3951277x}
}

@article{bhatia2013estimating,
author = {Bhatia, Gaurav and Patterson, Nick and Sankararaman, Sriram and Price, Alkes L.},
  title = {Estimating and interpreting ${F_{ST}}$: the impact of rare variants},
  journal = {Genome research},
  year = {2013},
  volume = {23},
  number = {9},
  pages = {1514--1521},
  doi = {10.1101/gr.154831.113},
  url = {https://www.genome.org/cgi/doi/10.1101/gr.154831.113}
}

@article{bilton2024construction,
  author = {Bilton, Timothy P. and Sharma, Sanjeev Kumar and Schofield, Matthew R. and Black, Michael A. and Jacobs, Jeanne M. E. and Bryan, Glenn J. and Dodds, Ken G.},
  title = {Construction of relatedness matrices in autopolyploid populations using low-depth high-throughput sequencing data},
  journal = {Theoretical and Applied Genetics},
  year = {2024},
  volume = {137},
  number = {3},
  doi = {10.1007/s00122-024-04568-2},
  url = {http://dx.doi.org/10.1007/s00122-024-04568-2}
}

@article{bouwman2017estimated,
  author = {Bouwman, Aniek C. and Hayes, Ben J. and Calus, Mario P. L.},
  title = {Estimated allele substitution effects underlying genomic evaluation models depend on the scaling of allele counts},
  journal = {Genetics Selection Evolution},
  year = {2017},
  volume = {49},
  number = {1},
  doi = {10.1186/s12711-017-0355-9},
  url = {http://dx.doi.org/10.1186/s12711-017-0355-9}
}

@article{brandt2024promise,
  author = {Brandt, Débora Y C and Huber, Christian D and Chiang, Charleston W K and Ortega-Del Vecchyo, Diego},
  title = {The Promise of Inferring the Past using the {Ancestral Recombination Graph (ARG)}},
  journal = {Genome Biology and Evolution},
  year = {2024},
  pages = {evae005},
  doi = {10.1093/gbe/evae005},
  url = {https://doi.org/10.1093/gbe/evae005}
}

@article{browning2012identity,
  author = {Browning, Sharon R. and Browning, Brian L.},
  title = {Identity by Descent Between Distant Relatives: Detection and Applications},
  journal = {Annual Review of Genetics},
  year = {2012},
  volume = {46},
  number = {1},
  pages = {617--633},
  doi = {10.1146/annurev-genet-110711-155534},
  url = {https://doi.org/10.1146/annurev-genet-110711-155534},
}

% --- C -----------------------------------------------------------------------

@article{casellas2008within,
  author = {Casellas, Joaquim and Medrano, Juan F.},
  title = {Within-Generation Mutation Variance for Litter Size in Inbred Mice},
  journal = {Genetics},
  year = {2008},
  volume = {179},
  number = {4},
  pages = {2147--2155},
  doi = {10.1534/genetics.108.088070},
  url = {https://doi.org/10.1534/genetics.108.088070}
}

@article{casellas2013accounting,
  author = {Casellas, Joaquim and Esquivelzeta, Cecilia and Legarra, Andrés},
  title = {Accounting for new mutations in genomic prediction models},
  journal = {Journal of Dairy Science},
  year = {2013},
  volume = {96},
  number = {8},
  pages = {5398--5402},
  doi = {10.3168/jds.2012-6468},
  url = {https://www.sciencedirect.com/science/article/pii/S0022030213004086}
}

@book{charlesworth2010elements,
  author = {Charlesworth, Brian and Charlesworth, Deborah},
  title = {Elements of Evolutionary Genetics},
  year = {2010},
  pages = {768},
  publisher = {Roberts and Company},
  address = {Greenwoord Village, Colorado, USA}
}

@article{chang1999recent,
  author = {Chang, Joseph T.},
  title = {Recent common ancestors of all present-day individuals},
  journal = {Advances in Applied Probability},
  year = {1999},
  volume = {31},
  number = {4},
  pages = {1002–-1026},
  doi = {10.1239/aap/1029955256},
  url = {https://www.jstor.org/stable/1428340}
}

@article{christensen2010genomic,
  author = {Christensen, Ole F. and Lund, Mogens S.},
  title = {Genomic prediction when some animals are not genotyped},
  journal = {Genetics Selection Evolution},
  year = {2010},
  volume = {42},
  number = {2},
  pages = {1--8},
  doi = {10.1186/1297-9686-42-2},
  url = {https://doi.org/10.1186/1297-9686-42-2}
}

@article{cockerham1969variance,
  author = {Cockerham, C. Clark},
  title = {Variance of Gene Frequencies},
  journal = {Evolution},
  year = {1969},
  volume = {23},
  number = {1},
  pages={72--84},
  doi = {10.2307/2406485},
  url = {https://dx.doi.org/10.2307/2406485}
}

@article{cockerham1971higher,
  author = {Cockerham, C. Clark},
  title = {Higher order probability functions of identity of alleles by descent},
  journal = {Genetics},
  year = {1971},
  volume = {69},
  number = {2},
  pages = {235--246},
  doi = {10.1093/genetics/69.2.235},
  url = {https://doi.org/10.1093/genetics/69.2.235}
}

@article{cockerham1973analyses,
  author = {Cockerham, C. Clark},
  title = {Analyses of gene frequencies},
  journal = {Genetics},
  year = {1973},
  volume = {74},
  number = {4},
  pages = {679–-700},
  doi = {10.1093/genetics/74.4.679},
  url = {https://dx.doi.org/10.1093/genetics/74.4.679}
}

@article{cockerham1976group,
  author = {Cockerham, C. Clark},
  title = {Group inbreeding and coancestry},
  journal = {Genetics},
  year = {1967},
  volume = {56},
  number = {1},
  pages = {89--104},
  doi = {10.1093/genetics/56.1.89},
  url = {https://doi.org/10.1093/genetics/56.1.89}
}

@article{colleau2002indirect,
  author = {Colleau, J. J.},
  title = {An indirect approach to the extensive calculation of relationship coefficients},
  journal = {Genetics Selection Evolution},
  year = {2002},
  volume = {34},
  number = {409},
  doi = {10.1186/1297-9686-34-4-409},
  url = {https://doi.org/10.1186/1297-9686-34-4-409}
}

@phdthesis{cotterman1940calculus,
  author = {Cotterman, Charles W.},
  title = {A Calculus for Statistico-genetics},
  school = {Ohio State University},
  year = {1940},
  address = {Columbus, Ohio, USA}
}

@book{crow2009introduction,
  author = {Crow, James F. and Kimura, Motoo},
  title = {An Introduction to Population Genetics Theory},
  year = {2009},
  pages = {612},
  publisher = {The Blackburn Press},
  address = {Caldwell, New Jersey, USA}
}

@article{cruden1949computation,
  author = {Cruden, Dorothy},
  title = {The computation of inbreeding coefficients: for closed populations},
  journal = {Journal of heredity},
  year = {1949},
  volume = {40},
  number = {9},
  pages = {248--251},
  doi = {10.1093/oxfordjournals.jhered.a106039},
  url = {https://doi.org/10.1093/oxfordjournals.jhered.a106039}
}

@article{csuros2014nonidentifiability,
  author = {Cs{\"u}r{\"o}s, Mikl{\'o}s},
  title = {Non-identifiability of identity coefficients at biallelic loci},
  journal = {Theoretical Population Biology},
  year = {2014},
  volume = {92},
  pages = {22-29},
  doi = {10.1016/j.tpb.2013.11.001},
  url = {https://www.sciencedirect.com/science/article/pii/S0040580913001123}
}

% --- D -----------------------------------------------------------------------

@article{daywilliams2011linkage,
  author = {Day-Williams, Aaron G. and Blangero, John and Dyer, Thomas D. and Lange, Kenneth and Sobel, Eric M.},
  title = {Linkage analysis without defined pedigrees},
  journal = {Genetic Epidemiology},
  year = {2011},
  volume = {35},
  number = {5},
  pages = {360–-370},
  doi = {10.1002/gepi.20584},
  url = {https://dx.doi.org/10.1002/gepi.20584}
}

@article{deloscampos2015genomic,
  author = {de los Campos, Gustavo and Sorensen, Daniel and Gianola, Daniel},
  title = {Genomic Heritability: What Is It?},
  journal = {PLOS Genetics},
  year = {2015},
  volume = {11},
  number = {5},
  pages = {1--21},
  doi = {10.1371/journal.pgen.1005048},
  url = {https://doi.org/10.1371/journal.pgen.1005048}
}

@article {deng2024robust,
  author = {Deng, Yun and Nielsen, Rasmus and Song, Yun S.},
  title = {Robust and Accurate Bayesian Inference of Genome-Wide Genealogies for Large Samples},
  journal = {bioRxiv},
  year = {2024},
  doi = {10.1101/2024.03.16.585351},
  url = {https://www.biorxiv.org/content/early/2024/03/16/2024.03.16.585351}
}

@article{derida2000on,
  author = {Derrida, Bernard and Manrubia, Susanna C. and Zanette, Dami{\'a}n H.},
  title = {On the Genealogy of a Population of Biparental Individuals},
  journal = {Journal of Theoretical Biology},
  year = {2000},
  volume = {203},
  number = {3},
  pages = {303--315},
  doi = {https://doi.org/10.1006/jtbi.2000.1095},
  url = {https://www.sciencedirect.com/science/article/pii/S0022519300910956},
}

@article{dodds2015construction,
  author = {Dodds, Ken G. and McEwan, John C. and Brauning, Rudiger and Anderson, Rayna M. and van Stijn, Tracey C. and Kristj{\'a}nsson, Theodor and Clarke, Shannon M.},
  title = {Construction of relatedness matrices using genotyping-by-sequencing data},
  year = {2015},
  journal = {BMC Genomics},
  volume = {16},
  number = {1},
  doi = {10.1186/s12864-015-2252-3},
  url = {http://dx.doi.org/10.1186/s12864-015-2252-3}
}

@article{donnelly1983probability,
  author = {Donnelly, Kevin P.},
  title = {The probability that related individuals share some section of genome identical by descent},
  journal = {Theoretical Population Biology},
  year = {1983},
  volume = {23},
  number = {1},
  pages = {34--63},
  doi = {10.1016/0040-5809(83)90004-7},
  url = {https://www.sciencedirect.com/science/article/pii/0040580983900047}
}

@article{druet2020theoretical,
  author = {Druet, Tom and Legarra, Andrés},
  title = {Theoretical and empirical comparisons of expected and realized relationships for the {X}-chromosome},
  journal = {Genetics Selection Evolution},
  year = {2020},
  volume = {52},
  number = {50},
  doi = {10.1186/s12711-020-00570-6},
  url  = {https://doi.org/10.1186/s12711-020-00570-6}
}

% --- E -----------------------------------------------------------------------

@article{edwards2015two,
  author = {Edwards, David},
  title = {Two molecular measures of relatedness based on haplotype sharing},
  journal={BMC Bioinformatics},
  year = {2015},
  volume = {16},
  number = {383},
  doi = {10.1186/s12859-015-0802-y},
  url = {http://dx.doi.org/10.1186/s12859-015-0802-y}
}

@article{elston1971general,
  author = {Elston, R. C. and Stewart, J.},
  title = {A General Model for the Genetic Analysis of Pedigree Data},
  journal = {Human Heredity},
  year = {1971},
  volume = {21},
  number = {6},
  pages = {523–-542},
  doi = {10.1159/000152448},
  url = {https://dx.doi.org/10.1159/000152448}
}

@article{endelman2012shrinkage,
  author = {Endelman, Jeffrey B and Jannink, Jean-Luc},
  title = {Shrinkage Estimation of the Realized Relationship Matrix},
  journal = {G3 Genes|Genomes|Genetics},
  year = {2012},
  volume = {2},
  number = {11},
  pages={1405–-1413},
  doi = {10.1534/g3.112.004259},
  url = {https://dx.doi.org/10.1534/g3.112.004259}
}

@article{emik1949systematic,
  author = {Emik, L. Otis and Terrill, Clair E.},
  title = {Systematic procedures for calculating inbreeding coefficients},
  journal = {Journal of Heredity},
  year = {1949},
  volume = {40},
  number = {2},
  pages = {51--55},
  doi = {10.1093/oxfordjournals.jhered.a105986},
  url = {https://doi.org/10.1093/oxfordjournals.jhered.a105986}
}

% --- F -----------------------------------------------------------------------

@book{falconer1996introduction,
  author = {Falconer, Douglas S. and Mackay, Trudy F. C.},
  title = {Introduction to Quantitative Genetics},
  year = {1996},
  pages = {464},
  publisher = {Longman},
  address = {Harlow, UK}
}

@article{fan2022genealogical,
  author = {Fan, Caoqi and Mancuso, Nicholas and Chiang, Charleston W. K.},
  title = {A genealogical estimate of genetic relationships},
  journal = {The American Journal of Human Genetics},
  year = {2022},
  volume = {109},
  number = {5},
  pages = {812--824},
  doi = {10.1016/j.ajhg.2022.03.016},
  url = {https://www.sciencedirect.com/science/article/pii/S0002929722001124}
}

@article{feldmann2022average,
  author = {Feldmann, Mitchell J. and Piepho, Hans-Peter and Knapp, Steven J.},
  title = {Average semivariance directly yields accurate estimates of the genomic variance in complex trait analyses},
  journal = {G3 Genes|Genomes|Genetics},
  year = {2022},
  volume = {12},
  number = {6},
  pages = {jkac080},
  doi = {10.1093/g3journal/jkac080},
  url = {https://doi.org/10.1093/g3journal/jkac080}
}

@article{fernando1989marker,
  author = {Fernando, R.L. and Grossman, M.},
  title = {Marker assisted selection using best linear unbiased prediction},
  journal = {Genetics Selection Evolution},
  year = {1989},
  volume = {21},
  number = {4},
  pages = {467--477},
  doi = {10.1186/1297-9686-21-4-467},
  url = {https://dx.doi.org/10.1186/1297-9686-21-4-467}
}

@article{fernando1990genetic,
  author = {Fernando, Rohan L. and Grossman, Mike},
  title = {Genetic evaluation with autosomal and {X}-chromosomal inheritance},
  journal = {Theoretical and Applied Genetics},
  year = {1990},
  volume = {80},
  number = {1},
  pages = {75--80},
  doi = {10.1007/BF00224018},
  url = {https://doi.org/10.1007/BF00224018}
}

@article{fisher1919correlation,
  author = {Fisher, Ronald A.},
  title = {The correlation between relatives on the supposition of {M}endelian inheritance},
  journal = {Earth and Environmental Science Transactions of the Royal Society of Edinburgh},
  year = {1919},
  volume = {52},
  number = {2},
  pages = {399--433},
  doi = {10.1017/S0080456800012163},
  url = {https://doi.org/10.1017/S0080456800012163}
}

% --- G -----------------------------------------------------------------------

@article{garciabaccino2017metafounders,
  author = {Garcia-Baccino, Carolina A. and Legarra, Andrés and Christensen, Ole F. and Misztal, Ignacy and Pocrnic, Ivan and Vitezica, Zulma G. and Cantet, Rodolfo J. C.},
  title = {Metafounders are related to Fst fixation indices and reduce bias in single-step genomic evaluations},
  journal = {Genetics Selection Evolution},
  year = {2017},
  volume = {49},
  number = {34},
  doi = {10.1186/s12711-017-0309-2},
  url = {https://doi.org/10.1186/s12711-017-0309-2}
}

@article{garciacortes2006multibreed,
  author = {García-Cortés, Luis Alberto and Toro, Miguel {\'A}.},
  title = {Multibreed analysis by splitting the breeding values},
  journal = {Genetics Selection Evolution},
  year = {2006},
  volume = {38},
  number = {6},
  pages = {601--615},
  doi = {10.1186/1297-9686-38-6-601},
  url = {http://dx.doi.org/10.1186/1297-9686-38-6-601}
}

@article{garciacortes2010fine,
  author={García-Cortés, Luis Alberto and Martínez-{\'A}vila, J. C. and Toro, Miguel {\'A}.},
  title = {Fine decomposition of the inbreeding and the coancestry coefficients by using the tabular method},
  journal = {Conservation Genetics},
  year = {2010},
  volume = {11},
  number = {5},
  pages = {1945-–1952},
  doi = {10.1007/s10592-010-0084-x},
  url = {http://dx.doi.org/10.1007/s10592-010-0084-x}
}

@article{garciacortes2013variance,
  author = {García-Cortés, Luis Alberto and Legarra, Andrés and Chevalet, Claude and Toro, Miguel {\'A}.},
  title = {Variance and Covariance of Actual Relationships between Relatives at One Locus},
  journal = {PLOS ONE},
  year = {2013},
  volume = {8},
  number = {2},
  pages = {1--5},
  doi = {10.1371/journal.pone.0057003},
  url = {https://doi.org/10.1371/journal.pone.0057003}
}

@article{garciacortes2014coefficient,
  author = {García-Cortés, Luis Alberto and Legarra, Andrés and Toro, Miguel {\'A}.},
  title = {The coefficient of dominance is not (always) estimable with biallelic markers},
  journal = {Journal of Animal Breeding and Genetics},
  year = {2014},
  volume = {131},
  number = {2},
  pages = {97--104},
  doi = {https://doi.org/10.1111/jbg.12076},
  url = {https://onlinelibrary.wiley.com/doi/abs/10.1111/jbg.12076},
}


@article{garciacortes2015novel,
  author = {García-Cortés, Luis Alberto},
  title = {A novel recursive algorithm for the calculation of the detailed identity coefficients},
  journal = {Genetics Selection Evolution},
  year = {2015},
  volume = {47},
  pages = {33},
  doi = {10.1186/s12711-015-0108-6},
  url = {https://doi.org/10.1186/s12711-015-0108-6}
}

@article{gengler2007simple,
  author = {Gengler, N. and Mayeres, P. and Szydlowski, M.},
  title = {A simple method to approximate gene content in large pedigree populations: application to the myostatin gene in dual-purpose Belgian Blue cattle},
  journal = {Animal},
  year = {2007},
  volume = {1},
  number = {1},
  pages = {21--28},
  doi = {10.1017/S1751731107392628},
  url = {https://www.sciencedirect.com/science/article/pii/S1751731107392628}
}

@article{gianola2015one,
  author = {Gianola, Daniel and Rosa, Guilherme J. M.},
  title = {One Hundred Years of Statistical Developments in Animal Breeding},
  journal = {Annual Review of Animal Biosciences},
  year = {2015},
  volume = {3},
  number = {1},
  pages = {19--56},
  doi = {10.1146/annurev-animal-022114-110733},
  url = {https://doi.org/10.1146/annurev-animal-022114-110733}
}

@article{gianola2020inferring,
  author = {Gianola, Daniel and Fernando, Rohan L. and Sch{\"o}n, Chris-Carolin},
  title = {Inferring trait-specific similarity among individuals from molecular markers and phenotypes with {B}ayesian regression},
  journal = {Theoretical Population Biology},
  year = {2020},
  volume = {132},
  pages = {47-–59},
  doi = {10.1016/j.tpb.2019.11.008},
  url = {https://dx.doi.org/10.1016/j.tpb.2019.11.008}
}

@article{gibson1997cytoplasmic,
  author = {Gibson, J. P. and Freeman, A.E. and Boettcher, P.J.},
  title = {Cytoplasmic and mitochondrial inheritance of economic traits in cattle},
  journal = {Livestock Production Science},
  year = {1997},
  volume = {47},
  number = {2},
  pages = {115--124},
  doi = {https://doi.org/10.1016/S0301-6226(96)00023-1},
  url = {https://www.sciencedirect.com/science/article/pii/S0301622696000231}
}

@article{gillois1965relation,
  author = {Gillois, M.},
  title = {Relation d'identit\'e en g\'en\'etique {I.} - {Postulats} et axiomes mend\'eliens},
  journal = {Annales de l'institut Henri Poincar\'e. Section B. Calcul des probabilit\'es et statistiques},
  year = {1965},
  volume = {2},
  number = {1},
  pages = {1--94},
  url = {https://www.numdam.org/item/AIHPB_1965__2_1_1_0}
}

@article{graffelman2024estimation,
  author = {Graffelman, Jan and Weir, Bruce and Goudet, Jerome},
  title = {Estimation of Jacquard’s genetic identity coefficients with bi-allelic variants by constrained least-squares},
  journal = {bioRxiv},
  year={2024},
  doi = {10.1101/2024.03.25.586682},
  url = {https://dx.doi.org/10.1101/2024.03.25.586682}
}

@article{grossman1989inbreeding,
  author = {Grossman, M. and Eisen, E. J.},
  title = {Inbreeding, Coancestry, and Covariance between Relatives for {X}-Chromosomal Loci},
  journal = {Journal of Heredity},
  year = {1989},
  volume = {80},
  number = {2},
  pages = {137--142},
  doi = {10.1093/oxfordjournals.jhered.a110812},
  url = {https://doi.org/10.1093/oxfordjournals.jhered.a110812}
}

% --- H -----------------------------------------------------------------------

@article{hadfield2010general,
  author = {Hadfield, Jarrod D. and Nakagawa, Shinichi},
  title = {General quantitative genetic methods for comparative biology: phylogenies, taxonomies and multi-trait models for continuous and categorical characters},
  journal = {Journal of Evolutionary Biology},
  year = {2010},
  volume = {23},
  number = {3},
  pages = {494--508},
  doi = {10.1111/j.1420-9101.2009.01915.x},
  url = {https://onlinelibrary.wiley.com/doi/abs/10.1111/j.1420-9101.2009.01915.x}
}

@article{hamilton2018computation,
  author = {Hamilton, Matthew G. and Kerr, Richard J.},
  title = {Computation of the inverse additive relationship matrix for autopolyploid and multiple-ploidy populations},
  journal = {Theoretical and Applied Genetics},
  year = {2018},
  volume = {131},
  number = {4},
  pages = {851--860},
  doi = {10.1007/s00122-017-3041-y},
  url = {https://doi.org/10.1007/s00122-017-3041-y}
}

@article{harris1964genotypic,
  author = {Harris, Dewey L},
  title = {Genotypic covariances between inbred relatives},
  journal = {Genetics},
  year = {1964},
  volume = {50},
  number = {6},
  pages = {1319--1348},
  doi = {10.1093/genetics/50.6.1319},
  url = {https://doi.org/10.1093/genetics/50.6.1319}
}

@article{harris2019database,
  author = {Harris, Kelley},
  title = {From a database of genomes to a forest of evolutionary trees},
  journal = {Nature Genetics},
  year = {2019},
  volume = {51},
  number = {9},
  pages = {1306--1307},
  doi = {10.1038/s41588-019-0492-x},
  url = {https://doi.org/10.1038/s41588-019-0492-x}
}

@article{harris2023using,
  author = {Harris, Kelley},
  title = {Using enormous genealogies to map causal variants in space and time},
  journal = {Nature Genetics},
  year = {2023},
  volume = {55},
  pages = {730--731},
  doi = {10.1038/s41588-023-01389-9},
  url = {https://doi.org/10.1038/s41588-023-01389-9}
}

@book{hein2004gene,
  author = {Hein, Jotun J. and Schierup, Mikkel H. and Wiuf, Carsten},
  title = {Gene Genealogies, Variation and Evolution: A primer in coalescent theory},
  year = {2004},
  pages = {296},
  publisher = {Oxford University Press},
  address = {Oxford, UK}
}

@article{hein2004pedigree,
  author = {Hein, Jotun},
  title = {Pedigree for all humanity},
  journal = {Nature},
  year = {2004},
  volume = {431},
  number = {7008},
  pages = {518-–519},
  doi = {10.1038/431518a},
  url = {https://www.nature.com/articles/431518a}
}

@article{henderson1959estimation,
  author = {Henderson, Charles R. and Kempthorne, Oscar and Searle, S. R. and von Krosigk, C. M.},
  title = {The Estimation of Environmental and Genetic Trends from Records Subject to Culling},
  journal = {Biometrics},
  year = {1959},
  volume = {15},
  number = {2},
  pages = {192--218},
  doi = {10.2307/2527669},
  url = {https://www.jstor.org/stable/2527669}
}

@article{henderson1976simple,
  author = {Henderson, Charles R.},
  title = {A Simple Method for Computing the Inverse of a Numerator Relationship Matrix Used in Prediction of Breeding Values},
  journal = {Biometrics},
  year = {1976},
  volume = {32},
  number = {1},
  pages = {69--83},
  doi = {10.2307/2529339},
  url = {https://www.jstor.org/stable/2529339}
}

@book{henderson1984applications,
  author = {Henderson, Charles R.},
  title = {Applications of Linear Models in Animal Breeding},
  year = {1984},
  pages = {462},
  publisher = {University of Guelph},
  address = {Guelph, Ontario, Canada}
}

@article{hickey2013genomic,
  author = {Hickey, J.M. and Kinghorn, B.P. and Tier, B. and Clark, S.A. and van der Werf, J.H.J. and Gorjanc, G.},
  title = {Genomic evaluations using similarity between haplotypes},
  journal = {Journal of Animal Breeding and Genetics},
  year = {2013},
  volume = {130},
  number = {4},
  pages = {259-269},
  doi = {10.1111/jbg.12020},
  url = {https://onlinelibrary.wiley.com/doi/abs/10.1111/jbg.12020}
}

@article{hill1968linkage,
  author = {Hill, W. G. and Robertson, Alan},
  title = {Linkage disequilibrium in finite populations},
  journal = {Theoretical and Applied Genetics},
  year = {1968},
  volume = {38},
  number = {6},
  pages = {226–-231},
  doi = {10.1007/bf01245622},
  url = {https://dx.doi.org/10.1007/BF01245622}
}

@article{hill1996sewall,
  author = {Hill, William G.},
  title = {Sewall Wright's "Systems of Mating"},
  journal = {Genetics},
  year = {1996},
  volume = {143},
  number = {4},
  pages = {1499--1506},
  doi = {10.1093/genetics/143.4.1499},
  url = {https://doi.org/10.1093/genetics/143.4.1499}
}

@article{hill2011variation,
  author = {Hill, William G. and Weir, Bruce S.},
  title = {Variation in actual relationship as a consequence of Mendelian sampling and linkage},
  journal = {Genetics Research},
  year = {2011},
  volume = {93},
  number = {1},
  pages = {47–-64},
  doi = {10.1017/S0016672310000480},
  url = {https://doi.org/10.1017/S0016672310000480}
}

@article{hill2008data,
  author = {Hill, William G. and Goddard, Michael E. and Visscher, Peter M.},
  title = {Data and Theory Point to Mainly Additive Genetic Variance for Complex Traits},
  journal = {PLOS Genetics},
  year = {2008},
  volume = {4},
  number = {2},
  pages = {1--10},
  doi = {10.1371/journal.pgen.1000008},
  url = {https://doi.org/10.1371/journal.pgen.1000008}
}

@article{hivert2021gene,
  author = {Hivert, Valentin and Wray, Naomi R. and Visscher, Peter M.},
  title = {Gene action, genetic variation, and {GWAS}: A user-friendly web tool},
  journal = {PLOS Genetics},
  year = {2021},
  volume = {17},
  number = {5},
  pages = {1--9},
  doi = {10.1371/journal.pgen.1009548},
  url = {https://doi.org/10.1371/journal.pgen.1009548}
}

@article{holsinger2009genetics,
  author = {Holsinger, Kent E. and Weir, Bruce S.},
  title = {Genetics in geographically structured populations: defining, estimating and interpreting {$F_{ST}$}},
  journal = {Nature Reviews Genetics},
  year = {2009},
  volume = {10},
  number = {9},
  pages = {639-–650},
  doi = {10.1038/nrg2611},
  url = {https://dx.doi.org/10.1038/nrg2611}
}

@article{hou2019accurate,
  author = {Hou, Kangcheng and Burch, Kathryn S. and Majumdar, Arunabha and Shi, Huwenbo and Manusco, Nicholas and Wu, Yue and Sankararaman, Sriram and Pasaniuc, Bogdan},
  title = {Accurate estimation of {SNP}-heritability from biobank-scale data irrespective of genetic architecture},
  journal = {Nature Genetics},
  year = {2019},
  volume = {51},
  number = {8},
  pages = {1244-–1251},
  doi = {10.1038/s41588-019-0465-0},
  url = {https://dx.doi.org/10.1038/s41588-019-0465-0}
}

% --- I -----------------------------------------------------------------------

% --- J -----------------------------------------------------------------------

@article{jacquard1966logique,
  author = {Jacquard, Albert},
  title = {Logique du calcul des coefficients d'identit{\'{e}} entre deux individus},
  journal = {Population (French Edition)},
  year = {1966},
  volume = {21},
  number = {4},
  pages = {751--776},
  doi = {10.2307/1527654},
  url = {https://www.jstor.org/stable/1527654}
}

@article{jacquard1972what,
  author = {Jacquard, Albert},
  title = {Genetic Information Given by a Relative},
  journal = {Biometrics},
  year = {1972},
  volume = {28},
  number = {4},
  pages = {1101--1114},
  doi = {10.2307/2528643},
  url = {https://www.jstor.org/stable/2528643}
}

@book{jacquard1974genetic,
  author = {Jacquard, Albert},
  title = {The Genetic Structure of Populations},
  year = {1974},
  publisher = {Springer-Verlag},
  note = {Charlesworth, D and Charlesworth, B (translation)},
  doi = {10.1007/978-3-642-88415-3},
  url = {https://doi.org/10.1007/978-3-642-88415-3}
}

@article{jacquard1975inbreeding,
  author = {Jacquard, Albert},
  title = {Inbreeding: One word, several meanings},
  journal = {Theoretical population biology},
  year = {1975},
  volume = {7},
  number = {3},
  pages = {338--363},
  doi = {10.1016/0040-5809(75)90024-6},
  url = {https://doi.org/10.1016/0040-5809(75)90024-6}
}

@article{johnston2013fish,
  author = {Johnston, Susan E. and Lindqvist, Martin and Niemelä, Eero and Orell, Panu and Erkinaro, Jaakko and Kent, Matthew P. and Lien, Sigbjørn and Vähä, Juha-Pekka and Primmer, Craig R.},
  title = {Fish scales and {SNP} chips: {SNP} genotyping and allele frequency estimation in individual and pooled {DNA} from historical samples of {A}tlantic salmon ({S}almo salar)},
  journal = {BMC Genomics},
  year = {2013},
  volume = {14},
  pages = {439},
  doi = {10.1186/1471-2164-14-439},
  url = {https://doi.org/10.1186/1471-2164-14-439}
}

@article{johnston2022taking,
  author = {Johnston, Susan E. and Chen, Nancy and Josephs, Emily B.},
  title = {Taking quantitative genomics into the wild},
  journal = {Proceedings of the Royal Society B: Biological Sciences},
  year = {2022},
  volume = {289},
  number = {1989},
  pages = {20221930},
  doi = {10.1098/rspb.2022.1930},
  url = {https://royalsocietypublishing.org/doi/abs/10.1098/rspb.2022.1930}
}

% --- K -----------------------------------------------------------------------

@article{karigl1981recursive,
  author = {Karigl, G.},
  title = {A recursive algorithm for the calculation of identity coefficients},
  journal = {Annals of Human Genetics},
  year = {1981},
  volume = {45},
  number = {3},
  pages = {299--305},
  doi = {10.1111/j.1469-1809.1981.tb00341.x},
  url = {https://doi.org/10.1111/j.1469-1809.1981.tb00341.x}
}

@article{kelleher2016efficient,
  author={Kelleher, Jerome and Etheridge, Alison M. and McVean, Gilean},
  title = {Efficient Coalescent Simulation and Genealogical Analysis for Large Sample Sizes},
  journal = {PLOS Computational Biology},
  year = {2016},
  volume = {12},
  number={5},
  pages = {e1004842},
  doi = {10.1371/journal.pcbi.1004842},
  url = {http://dx.doi.org/10.1371/journal.pcbi.1004842}
}

@article{kelleher2018efficient,
  author = {Kelleher, Jerome and Thornton, Kevin R. and Ashander, Jaime and Ralph, Peter L.},
  title = {Efficient pedigree recording for fast population genetics simulation},
  journal = {PLOS Computational Biology},
  year = {2018},
  volume = {14},
  number = {11},
  pages = {e1006581},
  doi = {10.1371/journal.pcbi.1006581},
  url = {http://dx.doi.org/10.1371/journal.pcbi.1006581}
}

@article{kelleher2019inferring,
  author = {Kelleher, Jerome and Wong, Yan and Wohns, Anthony W. and Fadil, Chaimaa and Albers, Patrick K. and McVean, Gil},
  title = {Inferring whole-genome histories in large population datasets},
  journal = {Nature Genetics},
  year = {2019},
  volume = {51},
  number = {9},
  pages = {1330--1338},
  doi = {10.1038/s41588-019-0483-y},
  url = {https://www.nature.com/articles/s41588-019-0483-y}
}

@article{kemper2021phenotypic,
  author = {Kemper, Kathryn E. and Yengo, Loic and Zheng, Zhili and Abdellaoui, Abdel
  and Keller, Matthew C. and Goddard, Michael E. and Wray, Naomi R. and Yang, Jian
  and Visscher, Peter M.},
  title = {Phenotypic covariance across the entire spectrum of relatedness for 86 billion pairs of individuals},
  journal = {Nature Communications},
  year = {2021},
  volume = {12},
  number = {1},
  doi = {10.1038/s41467-021-21283-4},
  url = {http://dx.doi.org/10.1038/s41467-021-21283-4}
}

@article{kennedy1988genetic,
  author = {Kennedy, BW and Schaeffer, LR and Sorensen, DA},
  title = {Genetic properties of animal models},
  journal = {Journal of Dairy science},
  year = {1988},
  volume = {71},
  number = {Supplement 2},
  pages = {17--26},
  doi = {10.1016/S0022-0302(88)79975-0},
  url = {https://www.sciencedirect.com/science/article/pii/S0022030288799750}
}

@article{kerr2012use,
  author = {Kerr, Richard J. and Li, Li and Tier, Bruce and Dutkowski, Gregory W. and McRae, Thomas A.},
  title = {Use of the numerator relationship matrix in genetic analysis of autopolyploid species},
  journal = {Theoretical and Applied Genetics},
  year = {2012},
  volume = {124},
  number = {7},
  pages = {1271--1282},
  doi = {10.1007/s00122-012-1785-y},
  url = {https://doi.org/10.1007/s00122-012-1785-y}
}

@article{kim2016numericware,
  author = {Kim, Bongsong and Beavis, William D. and Léon, Jens},
  title = {{Numericware N}: Numerator Relationship Matrix Calculator},
  journal = {Journal of Heredity},
  year = {2016},
  volume = {107},
  number = {7},
  pages = {686--690},
  doi = {10.1093/jhered/esw057},
  url = {https://doi.org/10.1093/jhered/esw057}
}

@article{kingman1982on,
  author = {Kingman, J. F. C.},
  title = {On the Genealogy of Large Populations},
  journal = {Journal of Applied Probability},
  year = {1982},
  volume = {19},
  pages = {27--43},
  doi = {10.2307/3213548},
  url = {http://www.jstor.org/stable/3213548}
}

@article{kingman1982the,
  author = {Kingman, J. F. C.},
  title = {The coalescent},
  journal = {Stochastic Processes and their Applications},
  year = {1982},
  volume = {13},
  number = {3},
  pages = {235--248},
  doi = {10.1016/0304-4149(82)90011-4},
  url = {https://www.sciencedirect.com/science/article/pii/0304414982900114}
}

% --- L -----------------------------------------------------------------------

@article{lacy1995clarification,
  author = {Lacy, Robert C.},
  title = {Clarification of genetic terms and their use in the management of captive populations},
  journal = {Zoo Biology},
  year = {1995},
  volume = {14},
  number = {6},
  pages = {565--577},
  doi = {10.1002/zoo.1430140609},
  url = {https://onlinelibrary.wiley.com/doi/abs/10.1002/zoo.1430140609}
}

@article{lander1987construction,
  author = {Lander, E. S. and Green, P.},
  title = {Construction of multilocus genetic linkage maps in humans},
  journal = {Proceedings of the National Academy of Sciences},
  year = {1987},
  volume = {84},
  number = {8},
  pages = {2363–-2367},
  doi = {10.1073/pnas.84.8.2363},
  url = {https://dx.doi.org/10.1073/pnas.84.8.2363}
}

@article{lander1995genetic,
  title = {Genetic dissection of complex traits: guidelines for interpreting and reporting linkage results},
  author = {Lander, Eric and Kruglyak, Leonid},
  journal = {Nature Genetics},
  year = {1995},
  volume = {11},
  number = {3},
  pages = {241–-247},
  doi = {10.1038/ng1195-241},
  url = {https://dx.doi.org/10.1038/ng1195-241}
}

@article{lara2022temporal,
  author = {Lara, L. A. de C. and Pocrnic, I. and Thiago, de Paula Oliveira and Gaynor, R. C. and Gorjanc, G.},
  title = {Temporal and genomic analysis of additive genetic variance in breeding programmes},
  journal = {Heredity},
  year = {2022},
  volume = {128},
  pages = {21--32},
  doi = {10.1038/s41437-021-00485-y},
  url = {https://www.nature.com/articles/s41437-021-00485-y}
}

@article{legarra2009a,
  author = {Legarra, Andrés and Aguilar, Ignacio and Misztal, Ignacy},
  title = {A relationship matrix including full pedigree and genomic information},
  journal = {Journal of Dairy Science},
  year = {2009},
  volume = {92},
  number = {9},
  pages = {4656--4663},
  doi = {10.3168/jds.2009-2061},
  url = {https://www.journalofdairyscience.org/article/S0022-0302(09)70793-3}
}

@article{legarra2014single,
  author = {Legarra, Andrés and Christensen, Ole F. and Aguilar, Ignacio and Misztal, Ignacy},
  title = {Single Step, a general approach for genomic selection},
  journal = {Livestock Science},
  year = {2014},
  volume = {166},
  pages = {54--65},
  doi = {10.1016/j.livsci.2014.04.029},
  url = {https://www.sciencedirect.com/science/article/pii/S1871141314002303}
}

@article{legarra2015ancestral,
  author = {Legarra, Andrés and Christensen, Ole F. and Vitezica, Zulma G. and Aguilar, Ignacio and Misztal, Ignacy},
  title = {Ancestral Relationships Using Metafounders: Finite Ancestral Populations and Across Population Relationships},
  journal = {Genetics},
  year = {2015},
  volume = {200},
  number = {2},
  pages = {455--468},
  doi = {10.1534/genetics.115.177014},
  url = {https://doi.org/10.1534/genetics.115.177014}
}

@article{legarra2016comparing,
  author = {Legarra, Andrés},
  title = {Comparing estimates of genetic variance across different relationship models},
  journal = {Theoretical Population Biology},
  year = {2016},
  volume = {107},
  pages = {26--30},
  note = {New Developments in Relatedness and Relationship Estimation},
  doi = {10.1016/j.tpb.2015.08.005},
  url = {https://www.sciencedirect.com/science/article/pii/S0040580915000830}
}

@article{legarra2021correlation,
  author = {Legarra, Andrés and Garcia-Baccino, Carolina A. and Wientjes, Yvonne C. J. and Vitezica, Zulma G.},
  title = {The correlation of substitution effects across populations and generations in the presence of nonadditive functional gene action},
  journal = {Genetics},
  year = {2021},
  volume = {219},
  number = {4},
  pages = {iyab138},
  doi = {10.1093/genetics/iyab138},
  url = {https://doi.org/10.1093/genetics/iyab138}
}

@article{lewanski2024era,
  author = {Lewanski, Alexander L. AND Grundler, Michael C. AND Bradburd, Gideon S.},
  title = {The era of the {ARG}: An introduction to ancestral recombination graphs and their significance in empirical evolutionary genomics},
  journal = {PLOS Genetics},
  year = {2024},
  volume = {20},
  number = {1},
  pages = {1--24},
  doi = {10.1371/journal.pgen.1011110},
  url = {https://doi.org/10.1371/journal.pgen.1011110}
}

@article{li1953some,
  author = {Li, CC and Horvitz, DG},
  title = {Some methods of estimating the inbreeding coefficient},
  journal = {American journal of human genetics},
  year = {1953},
  volume = {5},
  number = {2},
  pages = {107--117},
  url = {https://www.ncbi.nlm.nih.gov/pmc/articles/PMC1716461}
}

@article{link2023tree,
  author = {Link, Vivian and Schraiber, Joshua G. and Fan, Caoqi and Dinh, Bryan and Mancuso, Nicholas and Chiang, Charleston W. K. and Edge, Michael D.},
  title = {Tree-based {QTL} mapping with expected local genetic relatedness matrices},
  journal = {The American Journal of Human Genetics},
  year = {2023},
  volume = {110},
  number = {12},
  pages = {2077--2091},
  doi = {10.1016/j.ajhg.2023.10.017},
  url = {https://www.sciencedirect.com/science/article/pii/S0002929723003956}
}

@article{luan2014genomic,
  author = {Luan, Tu and Yu, Xijiang and Dolezal, Marlies and Bagnato, Alessandro and Meuwissen, Theo H. E.},
  title = {Genomic prediction based on runs of homozygosity},
  journal = {Genetics Selection Evolution},
  year = {2014},
  volume = {46},
  pages = {64},
  doi = {10.1186/s12711-014-0064-6},
  url = {https://doi.org/10.1186/s12711-014-0064-6}
}

@article{leutenegger2003estimation,
  author = {Leutenegger, A.-L. and Prum, B. and Génin, E. and Verny, C. and Lemainque, A. and Clerget-Darpoux, F. and Thompson, E. A.},
  title = {Estimation of the inbreeding coefficient through use of genomic data},
  journal = {Americanb Journal of Human Genetics},
  year = {2003},
  volume = {73},
  number= {3},
  pages = {516–-523},
  doi = {10.1086/378207},
  url = {https://www.cell.com/ajhg/fulltext/S0002-9297(07)62015-1}
}

@article{lynch1991methods,
  author = {Lynch, Michael},
  title = {Methods for the analysis of comparative data in evolutionary biology},
  journal = {Evolution},
  year = {1991},
  volume = {45},
  number = {5},
  pages = {1065--1080},
  doi = {10.1111/j.1558-5646.1991.tb04375.x},
  url = {https://onlinelibrary.wiley.com/doi/abs/10.1111/j.1558-5646.1991.tb04375.x}
}

@book{lynch1998genetics,
  author = {Lynch, Michael and Walsh, Bruce},
  title = {Genetics and Analysis of Quantitative Traits},
  year = {1998},
  pages = {980},
  publisher = {Sinauer Associates},
  address = {Sunderland, Massachusetts, USA}
}

% --- M -----------------------------------------------------------------------

@book{malecot1948mathematiques,
  author = {Malécot, Gustave},
  title = {Les mathematiques de l'heredite},
  year = {1948},
  pages = {63},
  publisher = {Masson and Cie},
  address = {Paris, France}
}

@book{malecot1969mathemathics,
  author = {Malécot, Gustave},
  title = {The mathematics of heredity},
  year = {1969},
  pages = {88},
  publisher = {W. H. Freeman},
  address = {San Francisco, California, USA},
  note = {Yermanos, Demetrios M. (revision, editing, and translation); https://wellcomecollection.org/works/msfaxgkw}
}

@article {mafrafortuna2023accounting,
  author = {Mafra Fortuna, Gabriela and Zumbach, Birgit J. and Johnsson, Martin and Pocrnic, Ivan and Gorjanc, Gregor},
  title = {Accounting for nuclear and mito genome in dairy cattle breeding - a simulation study},
  journal = {bioRxiv},
  year = {2023},
  doi = {10.1101/2023.11.20.567907},
  url = {https://www.biorxiv.org/content/early/2023/11/21/2023.11.20.567907}
}

@article{manichaikul2010robust,
  author = {Manichaikul, Ani and Mychaleckyj, Josyf C. and Rich, Stephen S. and Daly, Kathy and Sale, Michèle and Chen, Wei-Min},
  title = {Robust relationship inference in genome-wide association studies},
  journal = {Bioinformatics},
  year = {2010},
  volume = {26},
  number = {22},
  pages = {2867–-2873},
  doi = {10.1093/bioinformatics/btq559},
  url = {https://dx.doi.org/10.1093/bioinformatics/btq559}
}

@article{maryhuard2023fast,
  author = {Mary-Huard, Tristan and Balding, David J.},
  title = {Fast and accurate joint inference of coancestry parameters for populations and/or individuals},
  journal = {PLOS Genetics},
  year = {2023},
  volume = {19},
  number = {1},
  pages = {e1010054},
  doi = {10.1371/journal.pgen.1010054},
  url = {https://dx.doi.org/10.1371/journal.pgen.1010054}
}

@article{masuda2022unknown,
  author = {Masuda, Yutaka and VanRaden, Paul M. and Tsuruta, Shogo and Lourenco, Daniela A.L. and Misztal, Ignacy},
  title = {Unknown-parent groups and metafounders in single-step genomic BLUP},
  journal = {Journal of Dairy Science},
  year = {2022},
  volume = {105},
  number = {2},
  pages = {923-939},
  doi = {10.3168/jds.2021-20293},
  url = {https://www.sciencedirect.com/science/article/pii/S0022030221010110}
}

@article{mcpeek2004best,
  author = {McPeek, Sara Mary and Wu, Xiaodong and Ober, Carole},
  title = {Best Linear Unbiased Allele-Frequency Estimation in Complex Pedigrees},
  journal = {Biometrics},
  year = {2004},
  volume = {60},
  number = {2},
  pages = {359--367},
  doi = {10.1111/j.0006-341X.2004.00180.x},
  url = {https://doi.org/10.1111/j.0006-341X.2004.00180.x}
}

@article{mcvean2009genealogical,
  author = {McVean, Gil},
  title = {A Genealogical Interpretation of Principal Components Analysis},
  journal = {PLOS Genetics},
  year = {2009},
  volume = {5},
  number = {10},
  pages = {1--10},
  doi = {10.1371/journal.pgen.1000686},
  url = {https://doi.org/10.1371/journal.pgen.1000686}
}

@article{meuwissen1992computing,
  author = {Meuwissen, Theodorus H. E. and Luo, Z.},
  title = {Computing inbreeding coefficients in large populations},
  journal = {Genetics Selection Evolution},
  year = {1992},
  volume = {24},
  number = {4},
  pages = {305--313},
  doi = {10.1186/1297-9686-24-4-305},
  url = {https://doi.org/10.1186/1297-9686-24-4-305}
}

@article{meuwissen2001prediction,
  author = {Meuwissen, T. H. E. and Hayes, B. J. and Goddard, M. E.},
  title = {Prediction of Total Genetic Value Using Genome-Wide Dense Marker Maps},
  journal = {Genetics},
  year = {2001},
  volume = {157},
  number = {4},
  pages = {1819–-1829},
  doi = {10.1093/genetics/157.4.1819},
  url = {https://dx.doi.org/10.1093/genetics/157.4.1819}
}

@article{milligan2003maximum,
  author = {Milligan, Brook G.},
  title = {Maximum-Likelihood Estimation of Relatedness},
  journal = {Genetics},
  year = {2003},
  volume = {163},
  number = {3},
  pages = {1153–-1167},
  doi = {10.1093/genetics/163.3.1153},
  url = {https://doi.org/10.1093/genetics/163.3.1153}
}

@article{morton1971bioassay,
  author = {Morton, N. E. and Yee, S. and Harris, D. E. and Lew, R.},
  title = {Bioassay of kinship},
  journal = {Theoretical Population Biology},
  year = {1971},
  volume = {2},
  number = {4},
  pages = {507--524},
  doi = {10.1016/0040-5809(71)90038-4},
  url = {https://doi.org/10.1016/0040-5809(71)90038-4}
}

@book{mrode2023linear,
  author = {Mrode, Raphael and Pocrnic, Ivan},
  title = {Linear Models for the Prediction of the Genetic Merit of Animals},
  year = {2023},
  pages = {412},
  publisher = {CABI},
  address = {Wallingford, UK}
}

@article{meulepas1991probabilistic,
  author = {Meulepas, E. and Cassiman, J. J. and {van den Berghe}, H.},
  title = {The probabilistic interpretation of correlation coefficients in population genetics},
  journal = {Theoretical Population Biology},
  volume = {39},
  number = {3},
  pages = {301--314},
  year = {1991},
  doi = {10.1016/0040-5809(91)90025-B},
  url = {https://www.sciencedirect.com/science/article/pii/004058099190025B}
}

@article{muff2019animal,
  author = {Muff, S. and Niskanen, A. K. and Saatoglu, D. and Keller, L. F. and Jensen, H.},
  title = {Animal models with group-specific additive genetic variances: extending genetic group models},
  journal = {Genetics Selection Evolution},
  year = {2019},
  volume = {51},
  number = {7},
  doi = {10.1186/s12711-019-0449-7},
  url = {https://doi.org/10.1186/s12711-019-0449-7}
}

% --- N -----------------------------------------------------------------------

@article{nagylaki1989gustave,
  author = {Nagylaki, Thomas},
  title = {Gustave {M}alécot and the transition from classical to modern population genetics},
  journal = {Genetics},
  year = {1989},
  volume = {122},
  number = {2},
  pages = {253--268},
  doi = {10.1093/genetics/122.2.253},
  url = {https://doi.org/10.1093/genetics/122.2.253}
}

@article{nowbandegani2023extremely,
  title = {Extremely sparse models of linkage disequilibrium in ancestrally diverse association studies},
  author = {Nowbandegani, Pouria Salehi and Wohns, Anthony Wilder and Ballard, Jenna L and Lander, Eric S and Bloemendal, Alex and Neale, Benjamin M. and O’Connor, Luke J.},
  journal = {Nature Genetics},
  year = {2023},
  volume = {55},
  number = {9},
  pages = {1494--1502},
  doi = {10.1038/s41588-023-01487-8},
  url = {https://www.nature.com/articles/s41588-023-01487-8}
}

@article{nejatijavaremi1997effect,
  author = {Nejati-Javaremi, A. and Smith, C. and Gibson, J. P.},
  title = {Effect of total allelic relationship on accuracy of evaluation and response to selection},
  journal = {Journal of Animal Science},
  year = {1997},
  volume = {75},
  number = {7},
  pages = {1738-1745},
  doi = {10.2527/1997.7571738x},
  url = {https://dx.doi.org/10.2527/1997.7571738x},
}

@article{nilforooshan2021alternative,
  author = {Nilforooshan, Mohammad Ali and Garrick, Dorian and Harris, Bevin},
  title = {Alternative Ways of Computing the Numerator Relationship Matrix},
  journal = {Frontiers in Genetics},
  year = {2021},
  volume = {12},
  doi = {10.3389/fgene.2021.655638},
  url = {https://www.frontiersin.org/articles/10.3389/fgene.2021.655638}
}

@article{nishio2015genomic,
  author = {Nishio, Motohide and Satoh, Masahiro},
  title = {Genomic best linear unbiased prediction method including imprinting effects for genomic evaluation},
  journal = {Genetics Selection Evolution},
  year = {2015},
  volume = {47},
  number = {32},
  pages = {1--10},
  doi = {10.1186/s12711-015-0091-y},
  url = {https://doi.org/10.1186/s12711-015-0091-y}
}

% --- O -----------------------------------------------------------------------

@article{oakey2006joint,
  author = {Oakey, Helena and Verbyla, Ar\-{u}nas and Pitchford, Wayne and Cullis, Brian and Kuchel, Haydn},
  title = {Joint modeling of additive and non-additive genetic line effects in single field trials},
  journal = {Theoretical and Applied Genetics},
  year = {2016},
  volume = {113},
  number = {5},
  pages = {819--809},
  doi = {10.1007/s00122-006-0333-z},
  url = {https://doi.org/10.1007/s00122-006-0333-z}
}

@article{ochoa2021estimating,
  author = {Ochoa, Alejandro and Storey, John D.},
  title = {Estimating {$F_{ST}$} and kinship for arbitrary population structures},
  journal = {PLOS Genetics},
  year = {2021},
  volume = {17},
  number = {1},
  pages = {e1009241},
  doi = {10.1371/journal.pgen.1009241},
  url = {https://dx.doi.org/10.1371/journal.pgen.1009241}
}

@article{ohta1969linkage,
  author = {Ohta, Tomoko and Kimura, Motoo},
  title = {Linkage disequilibrium at steady state determined by random genetic drift and recurrend mutation},
  journal = {Genetics},
  year = {1969},
  volume = {63},
  number = {1},
  pages = {229–-238},
  doi = {10.1093/genetics/63.1.229},
  url = {https://dx.doi.org/10.1093/genetics/63.1.229}
}

@article{ott2015genetic,
  author = {Ott, Jurg and Wang, Jing and Leal, Suzanne M.},
  title = {Genetic linkage analysis in the age of whole-genome sequencing},
  journal = {Nature Reviews Genetics},
  year = {2015},
  volume = {16},
  number = {5},
  pages = {275–-284},
  doi = {10.1038/nrg3908},
  url = {https://dx.doi.org/10.1038/nrg3908}
}

% --- P -----------------------------------------------------------------------

@article{pamilo1982measuring,
  author = {Pamilo, P. and Crozier, R. H.},
  title = {Measuring genetic relatedness in natural populations: Methodology},
  journal = {Theoretical Population Biology 21: },
  year = {1982},
  volume = {21},
  number = {2},
  pages = {171--193},
  doi = {10.1016/0040-5809(82)90012-0},
  url = {https://doi.org/10.1016/0040-5809(82)90012-0}
}

@article{patterson2012ancient,
  author = {Patterson, Nick and Moorjani, Priya and Luo, Yontao and Mallick, Swapan and Rohland, Nadin and Zhan, Yiping and Genschoreck, Teri and Webster, Teresa and Reich, David},
  title = {Ancient admixture and human history},
  journal = {Genetics},
  year = {2012},
  volume = {192},
  number = {3},
  pages = {1065--1093},
  doi = {10.1534/genetics.112.145037},
  url = {https://doi.org/10.1534/genetics.112.145037}
}

@article{peter2016admixture,
  author = {Peter, Benjamin P.},
  title = {Admixture, Population Structure, and {F}-Statistics},
  journal = {Genetics},
  year = {2016},
  volume = {202},
  number = {4},
  pages = {1485--1501},
  doi = {10.1534/genetics.115.183913},
  url = {https://doi.org/10.1534/genetics.115.183913}
}

@article{peter2022geometric,
  author = {Peter, Benjamin P.},
  title = {A geometric relationship of {F2}, {F3} and {F4}-statistics with principal component analysis},
  journal = {Philosophical Transactions of the Royal Society B},
  year = {2022},
  volume = {377},
  pages = {20200413},
  doi = {10.1098/rstb.2020.0413},
  url = {https://doi.org/10.1098/rstb.2020.0413}
}

@article{pook2019haploblocker,
  author = {Pook, Torsten and Schlather, Martin and de los Campos, Gustavo and Mayer, Manfred and Schoen, Chris Carolin and Simianer, Henner},
  title = {{HaploBlocker}: Creation of Subgroup-Specific Haplotype Blocks and Libraries},
  journal = {Genetics},
  year = {2019},
  volume = {212},
  number = {4},
  pages = {1045-–1061},
  doi = {10.1534/genetics.119.302283},
  url = {http://dx.doi.org/10.1534/genetics.119.302283}
}

@article{powell2010reconciling,
  author = {Powell, Joseph E. and Visscher, Peter M. and Goddard, Michael E.},
  title = {Reconciling the analysis of {IBD} and {IBS} in complex trait studies},
  journal = {Nature Reviews Genetics},
  year = {2010},
  volume = {11},
  number = {11},
  pages = {800--805},
  doi = {10.1038/nrg2865},
  url = {https://doi.org/10.1038/nrg2865}
}

% --- Q -----------------------------------------------------------------------

@article{quaas1976computing,
  author = {Quaas, Richard L.},
  title = {Computing the Diagonal Elements and Inverse of a Large Numerator Relationship Matrix},
  journal = {Biometrics},
  year = {1976},
  volume = {32},
  number = {4},
  pages = {949--953},
  doi = {10.2307/2529279},
  url = {https://www.jstor.org/stable/2529279}
}

@article{quaas1988additive,
  author = {Quaas, Richard L.},
  title = {Additive genetic model with groups and relationships},
  journal = {Journal of Dairy Science},
  year = {1988},
  volume = {71},
  number = {5},
  pages = {1338--1345},
  doi = {10.3168/jds.S0022-0302(88)79691-5},
  url = {https://www.sciencedirect.com/science/article/pii/S0022030288796915}
}

@article{queller1989estimating,
  author = {Queller, D. C. and Goodnight, K. F.},
  title = {Estimating relatedness using genetic markers},
  journal = {Evolution},
  year = {1988},
  volume = {43},
  number = {2},
  pages = {258--275},
  doi = {10.1111/j.1558-5646.1989.tb04226.x},
  url = {https://doi.org/10.1111/j.1558-5646.1989.tb04226.x}
}

% --- R -----------------------------------------------------------------------

@article{ralph2020efficiently,
  author = {Ralph, Peter and Thornton, Kevin and Kelleher, Jerome},
  title = {Efficiently Summarizing Relationships in Large Samples: A General Duality Between Statistics of Genealogies and Genomes},
  journal = {Genetics},
  year = {2020},
  volume = {215},
  number = {3},
  pages = {779--797},
  doi = {10.1534/genetics.120.303253},
  url = {https://doi.org/10.1534/genetics.120.303253}
}

@article{rawlik2020snp,
  title = {{SNP} heritability: What are we estimating?},
  author = {Rawlik, Konrad and Canela-Xandri, Oriol and Woolliams, John and Tenesa, Albert},
  journal = {bioRxiv},
  year = {2020},
  doi = {10.1101/2020.09.15.276121},
  url = {https://www.biorxiv.org/content/early/2020/09/16/2020.09.15.276121}
}

@article{robinson1991that,
  author = {Robinson, G. K.},
  title = {That {BLUP} is a Good Thing: The Estimation of Random Effects},
  journal = {Statistical Science},
  year = {1991},
  volume = {6},
  number = {1},
  pages = {15--32},
  doi = {10.1214/ss/1177011926},
  url = {https://www.jstor.org/stable/2245695}
}

@article{rohde2004modelling,
  author = {Rohde, D. L. and Olson, S. and Chang, Joseph T.},
  title = {Modelling the recent common ancestry of all living humans},
  journal = {Nature},
  year = {2004},
  volume = {431},
  number = {7008},
  pages = {562--566},
  doi = {10.1038/nature02842},
  url = {https://www.nature.com/articles/nature02842}
}

@article{ritland1996estimators,
  author = {Ritland, k.},
  title = {Estimators for pairwise relatedness and individual inbreeding coefficients},
  journal = {Genetics Research},
  year = {1996},
  volume = {67},
  number = {2},
  pages = {175--185},
  doi = {10.1017/S0016672300033620},
  url = {https://doi.org/10.1017/S0016672300033620}
}

@article{rousset2002inbreeding,
  author = {Rousset, F.},
  title = {Inbreeding and relatedness coefficients: what do they measure?},
  journal = {Heredity},
  year = {2002},
  volume = {88},
  number = {5},
  pages = {371--380},
  doi = {10.1038/sj.hdy.6800065},
  url = {https://doi.org/10.1038/sj.hdy.6800065}
}

% --- S -----------------------------------------------------------------------

@article{saada2020identity,
  author = {Nait Saada, Juba and Kalantzis, Georgios and Shyr, Derek and Cooper, Fergus and Robinson, Martin and Gusev, Alexander and Palamara, Pier Francesco},
  title = {Identity-by-descent detection across 487,409 {B}ritish samples reveals fine scale population structure and ultra-rare variant associations},
  journal = {Nature Communications},
  year = {2020},
  volume = {11},
  number = {1},
  doi = {10.1038/s41467-020-19588-x},
  url = {http://dx.doi.org/10.1038/s41467-020-19588-x}
}

@article{sargolzaei2005fast,
  author = {Sargolzaei, M. and Iwaisaki, H. and Colleau, J.-J.},
  title = {A fast algorithm for computing inbreeding coefficients in large populations},
  journal = {Journal of Animal Breeding and Genetics},
  year = {2005},
  volume = {122},
  number = {5},
  pages = {325--331},
  doi = {10.1111/j.1439-0388.2005.00538.x},
  url = {https://doi.org/10.1111/j.1439-0388.2005.00538.x}
}

@article{schaeffer1989inverse,
  author = {Schaeffer, Larry R. and Kennedy, Brian W. and Gibson, John P.},
  title = {The Inverse of the Gametic Relationship Matrix},
  journal = {Journal of Dairy Science},
  year = {1989},
  volume = {72},
  number = {5},
  pages = {1266--1272},
  doi = {10.3168/jds.S0022-0302(89)79231-6},
  url = {https://www.sciencedirect.com/science/article/pii/S0022030289792316}
}

@article{schraiber2024unifying,
  author = {Schraiber, Joshua G. and Edge, Michael D. and Pennell, Matt},
  title = {Unifying approaches from statistical genetics and phylogenetics for mapping phenotypes in structured populations},
  journal = {bioRxiv},
  year = {2024},
  doi = {10.1101/2024.02.10.579721v1},
  url = {https://www.biorxiv.org/content/10.1101/2024.02.10.579721v1}
}

@article{selle2021hierarchical,
  author = {Selle, Maria L. and Steinsland, Ingelin and Lindgren, Finn and Brajkovic, Vladimir and Cubric-Curik, Vlatka and Gorjanc, Gregor},
  title = {Hierarchical modeling of haplotype effects on a phylogeny},
  journal = {Frontiers in Genetics},
  year = {2021},
  volume = {11},
  pages = {531218},
  doi = {10.3389/fgene.2020.531218},
  url = {https://www.frontiersin.org/articles/10.3389/fgene.2020.531218}
}

@article{shi2016contrasting,
  author = {Shi, Huwenbo and Kichaev, Gleb and Pasaniuc, Bogdan},
  title = {Contrasting the Genetic Architecture of 30 Complex Traits from Summary Association Data},
  journal = {The American Journal of Human Genetics},
  year = {2016},
  volume = {99},
  number = {1},
  pages = {139--153},
  doi = {10.1016/j.ajhg.2016.05.013},
  url = {https://doi.org/10.1016/j.ajhg.2016.05.013}
}

@article{shipilina2023origin,
  author = {Shipilina, Daria and Pal, Arka and Stankowski, Sean and Chan, Yingguang Frank and Barton, Nicholas H.},
  title = {On the origin and structure of haplotype blocks},
  journal = {Molecular Ecology},
  year = {2023},
  volume = {32},
  number = {6},
  pages = {1441--1457},
  doi = {10.1111/mec.16793},
  url = {https://onlinelibrary.wiley.com/doi/abs/10.1111/mec.16793}
}

@article{slater2016improving,
  author = {Slater, Anthony T. and Cogan, Noel O.I. and Forster, John W. and Hayes, Benjamin J. and Daetwyler, Hans D.},
  title = {Improving Genetic Gain with Genomic Selection in Autotetraploid Potato},
  journal = {The Plant Genome},
  year = {2016},
  volume = {9},
  number = {3},
  pages = {plantgenome2016.02.0021},
  doi = {10.3835/plantgenome2016.02.0021},
  url = {https://acsess.onlinelibrary.wiley.com/doi/abs/10.3835/plantgenome2016.02.0021}
}

@article{slatkin1991inbreeding,
  author = {Slatkin, Montgomery},
  title = {Inbreeding coefficients and coalescence times},
  journal = {Genetical Research},
  year = {1991},
  volume = {58},
  number = {2},
  pages = {167–-175},
  doi = {10.1017/S0016672300029827},
  url = {https://doi.org/10.1017/S0016672300029827}
}

@book{slatkin2002modern,
  author = {Slatkin, Montgomery and Veuille, Michel},
  title = {Modern developments in theoretical population genetics: The legacy of {G}ustave {M}alecot},
  year = {2002},
  publisher = {Oxford University Press},
  doi = {10.1093/oso/9780198599623.001.0001},
  url = {https://doi.org/10.1093/oso/9780198599623.001.0001}
}

@article{smith1985efficient,
  author = {Smith, S. P. and Allaire, F. R.},
  title = {Efficient selection rules to increase non-linear merit: application in mate selection},
  journal = {Genetics Selection Evolution},
  year = {1985},
  volume = {17},
  number = {3},
  pages = {387--406},
  doi = {10.1186/1297-9686-17-3-387},
  url = {https://doi.org/10.1186/1297-9686-17-3-387}
}

@article{sneller1994sas,
  author = {Sneller, Clay H.},
  title = {{SAS} Programs for Calculating Coefficient of Parentage},
  journal = {Crop Science},
  year = {1994},
  volume = {34},
  number = {6},
  pages = {1679--1680},
  doi = {10.2135/cropsci1994.0011183X003400060047x},
  url = {https://acsess.onlinelibrary.wiley.com/doi/abs/10.2135/cropsci1994.0011183X003400060047x}
}

@article{speed2012improved,
  author = {Speed, Doug and Hemani, Gibran and Johnson, Michael R. and Balding, David J.},
  title = {Improved Heritability Estimation from Genome-wide {SNP}s},
  journal = {The American Journal of Human Genetics},
  year = {2012},
  volume = {91},
  number = {6},
  pages = {1011–-1021},
  doi = {10.1016/j.ajhg.2012.10.010},
  url = {https://dx.doi.org/10.1016/j.ajhg.2012.10.010}
}

@article{speed2015relatedness,
  author = {Speed, Doug and Balding, David J.},
  title = {Relatedness in the post-genomic era: is it still useful?},
  journal = {Nature Reviews Genetics},
  year = {2015},
  volume = {16},
  number = {1},
  pages = {33--44},
  url = {https://www.nature.com/articles/nrg3821},
  doi = {10.1038/nrg3821}
}

@article{speed2017reevaluation,
  author={Speed, Doug and Cai, Na and Johnson, Michael R. and Nejentsev, Sergey and Balding, David J.},
  title = {Reevaluation of {SNP} heritability in complex human traits},
  journal = {Nature Genetics},
  year = {2017},
  volume = {49},
  number = {7},
  pages = {986–-992},
  doi = {10.1038/ng.3865},
  url = {https://dx.doi.org/10.1038/ng.3865}
}

@article{speed2022snp,
  author = {Speed, Doug and Kaphle, Anubhav and Balding, David J.},
  title = {{SNP}-based heritability and selection analyses: Improved models and new results},
  journal = {BioEssays},
  year = {2022},
  volume = {44},
  number = {5},
  pages = {2100170},
  doi = {10.1002/bies.202100170},
  url = {https://onlinelibrary.wiley.com/doi/abs/10.1002/bies.202100170}
}

@article{speidel2019method,
  author = {Speidel, Leo and Forest, Marie and Shi, Sinan and Myers, Simon R.},
  title = {A method for genome-wide genealogy estimation for thousands of samples},
  journal = {Nature Genetics},
  year = {2019},
  volume = {51},
  number = {9},
  pages = {1321--1329},
  doi = {10.1038/s41588-019-0484-x},
  url = {https://dx.doi.org/10.1038/s41588-019-0484-x}
}

@article{stam1980distribution,
  author = {Stam, P.},
  title = {The distribution of the fraction of the genome identical by descent in finite random mating populations},
  journal = {Genetical Research},
  year = {1980},
  volume = {35},
  number = {2},
  pages = {131-–155},
  doi = {10.1017/s0016672300014002},
  url = {https://dx.doi.org/10.1017/S0016672300014002}
}

@article{stranden2009derivation,
  author = {Strand{\'e}n, I. and Garrick, D. J.},
  title = {Derivation of equivalent computing algorithms for genomic predictions and reliabilities of animal merit},
  journal = {Journal of Dairy Science},
  year = {2009},
  volume = {92},
  number = {6},
  pages = {2971–-2975},
  doi = {10.3168/jds.2008-1929},
  url = {https://dx.doi.org/10.3168/jds.2008-1929}
}

@article{stranden2011allele,
  author={Strand{\'e}n, Ismo and Christensen, Ole F.},
  title = {Allele coding in genomic evaluation},
  journal = {Genetics Selection Evolution},
  year = {2011},
  volume = {43},
  number = {1},
  doi = {10.1186/1297-9686-43-25},
  url = {https://dx.doi.org/10.1186/1297-9686-43-25}
}

@article{stranden2020bpop,
  author = {Strand{\'e}n, Ismo and M{\"a}ntysaari, Esa A.},
  title = {Bpop: an efficient program for estimating base population allele frequencies in single and multiple group structured populations},
  journal = {Agricultural and Food Science},
  year = {2020},
  volume = {29},
  number = {3},
  pages = {166-–176},
  doi = {10.23986/afsci.90955},
  url = {https://journal.fi/afs/article/view/90955}
}

@article{sved1971linkage,
  author = {Sved, J. A.},
  title = {Linkage disequilibrium and homozygosity of chromosome segments in finite populations},
  journal = {Theoretical Population Biology},
  year = {1971},
  volume = {2},
  number = {2},
  pages = {125--141},
  doi = {10.1016/0040-5809(71)90011-6},
  url = {https://www.sciencedirect.com/science/article/pii/0040580971900116}
}

% --- T -----------------------------------------------------------------------

@article{tagami2024tstrait,
  author = {Tagami, Daiki and Bisschop, Gertjan and Kelleher, Jerome},
  title = {tstrait: a quantitative trait simulator for ancestral recombination graphs},
  journal = {bioRxiv},
  year = {2024},
  doi = {10.1101/2024.03.13.584790},
  url = {http://dx.doi.org/10.1101/2024.03.13.584790}
}

@incollection{templeton1994inbreeding,
  author = {Templeton, A. R. and Read, B.},
  editor = {Loeschcke, V. and Jain, S. K. and Tomiuk, J.},
  title = {Inbreeding: One word, several meanings, much confusion},
  bookTitle = {Conservation Genetics},
  year = {1994},
  publisher = {Birkh{\"a}user Basel},
  address = {Basel, Germany},
  pages = {91--105},
  doi = {10.1007/978-3-0348-8510-2_9},
  url = {https://doi.org/10.1007/978-3-0348-8510-2_9}
}

@book{terwilliger1994handbook,
  author = {Terwilliger, Joseph Douglas and Ott, Jurg},
  title = {Handbook of human genetic linkage},
  year = {1994},
  pages = {307},
  publisher = {Johns Hopkins University Press},
  address = {Baltimore, Maryland, USA}
}

@article{thompson1975estimation,
  author = {Thompson, E. A.},
  title = {The estimation of pairwise relationships},
  journal = {Annals of Human Genetics},
  year = {1975},
  volume = {39},
  number = {2},
  pages = {173--188},
  doi = {10.1111/j.1469-1809.1975.tb00120.x},
  url = {https://doi.org/10.1111/j.1469-1809.1975.tb00120.x}
}

@article{thompson1976population,
  author = {Thompson, E. A.},
  title = {Population correlation and population kinship},
  journal = {Theoretical Population Biology},
  year = {1976},
  volume = {10},
  number = {2},
  pages = {205--226},
  doi = {10.1016/0040-5809(76)90016-2},
  url = {https://www.sciencedirect.com/science/article/pii/0040580976900162}
}

@article{thompson1979sire,
  author = {Thompson, Robin},
  title = {Sire evaluation},
  journal = {Biometrics},
  year = {1979},
  volume = {35},
  number = {1},
  pages = {339--353},
  doi = {10.2307/2529955},
  url = {https://www.jstor.org/stable/2529955}
}

@article{thompson2013identity,
  author = {Thompson, Elizabeth A.},
  title = {Identity by Descent: Variation in Meiosis, Across Genomes, and in Populations},
  journal = {Genetics},
  year = {2013},
  volume = {194},
  number = {2},
  pages = {301--326},
  doi = {10.1534/genetics.112.148825},
  url = {https://doi.org/10.1534/genetics.112.148825}
}

@article{tier1993analysing,
  author = {Tier, B. and S{\"o}lkner, J.},
  title = {Analysing gametic variation with an animal model},
  journal = {Theoretical and Applied Genetics},
  year = {1993},
  volume = {85-–85},
  number = {6–-7},
  pages = {868-–872},
  doi = {10.1007/bf00225031},
  url = {http://dx.doi.org/10.1007/BF00225031}
}

@article{tier1999computing,
  author = {Tier, Bruce},
  title = {Computing inbreeding coefficients quickly},
  journal = {Genetics Selection Evolution},
  year = {1999},
  volume = {22},
  number = {4},
  pages = {419--430},
  doi = {10.1186/1297-9686-22-4-419},
  url = {https://doi.org/10.1186/1297-9686-22-4-419}
}

@article{toro2011note,
  author = {Toro, Miguel {\'A}. and García-Cortés, Luis Alberto and Legarra, Andrés},
  title = {A note on the rationale for estimating genealogical coancestry from molecular markers},
  journal = {Genetics Selection Evolution},
  year = {2011},
  volume = {43},
  pages = {27},
  doi = {10.1186/1297-9686-43-27},
  url = {https://gsejournal.biomedcentral.com/articles/10.1186/1297-9686-43-27}
}

@phdthesis{tsambos2022efficient,
  author = {Tsambos, Georgia},
  title = {Efficient analysis of genetic ancestry in population-sized datasets},
  school = {The University of Melbourne},
  year = {2022},
  address = {Melbourne, Victoria, Australia}
}

% --- U -----------------------------------------------------------------------

% --- V -----------------------------------------------------------------------

@article{vanraden1992accounting,
  author = {VanRaden, Paul M.},
  title = {Accounting for Inbreeding and Crossbreeding in Genetic Evaluation of Large Populations},
  journal = {Journal of Dairy Science},
  year = {1992},
  volume = {75},
  number = {11},
  pages = {3136--3144},
  doi = {10.3168/jds.S0022-0302(92)78077-1},
  url = {https://doi.org/10.3168/jds.S0022-0302(92)78077-1}
}

@article{vanraden2007efficient,
  author = {VanRaden, Paul M.},
  title = {Genomic measures of relationship and inbreeding},
  journal = {Interbull bulletin},
  year = {2007},
  volume = {37},
  pages = {33--36},
  url = {https://journal.interbull.org/index.php/ib/article/view/1400}
}

@article{vanraden2008efficient,
  author = {VanRaden, Paul M.},
  title = {Efficient methods to compute genomic predictions},
  journal = {Journal of Dairy Science},
  year = {2008},
  volume = {91},
  number = {11},
  pages = {4414--4423},
  doi = {10.3168/jds.2007-0980},
  url = {https://linkinghub.elsevier.com/retrieve/pii/S0022030208709901}
}

@article{visscher2006assumption,
  author = {Visscher, Peter M. and Medland, Sarah E. and Ferreira, Manuel A. R. and Morley, Katherine I. and Zhu, Gu and Cornes, Belinda K. and Montgomery, Grant W. and Martin, Nicholas G.},
  title = {Assumption-Free Estimation of Heritability from Genome-Wide Identity-by-Descent Sharing between Full Siblings},
  journal = {PLOS Genetics},
  year = {2006},
  volume = {2},
  number = {3},
  pages = {1--10},
  doi = {10.1371/journal.pgen.0020041},
  url = {https://doi.org/10.1371/journal.pgen.0020041}
}

@article{visscher2008heritability,
  author = {Visscher, Peter M. and Hill, William G. and Wray, Naomi R.},
  title = {Heritability in the genomics era — concepts and misconceptions},
  journal = {Nature Reviews Genetics},
  year = {2008},
  volume = {9},
  number = {4},
  pages = {255-–266},
  doi = {10.1038/nrg2322},
  url = {https://dx.doi.org/10.1038/nrg2322}
}

% --- W -----------------------------------------------------------------------

@article{wahlund1928zusammensetzung,
  author = {Wahlund, S.},
  title = {Zusammensetzung von populationen und korrelationserscheinungen vom standpunkt der vererbungslehre aus betrachtet},
  journal = {Hereditas},
  year = {1928},
  volume = {11},
  number = {1},
  pages = {65--106},
  doi = {10.1111/j.1601-5223.1928.tb02483.x},
  url = {https://onlinelibrary.wiley.com/doi/abs/10.1111/j.1601-5223.1928.tb02483.x}
}

@incollection{wakeley2016coalescent,
  author = {Wakeley, J. and Wilton, P. R.},
  title = {Coalescent and models of identity by descent},
  booktitle = {Encyclopedia of Evolutionary Biology},
  editor = {Kliman, R. M.},
  publisher = {Academic Press},
  address = {Oxford},
  year = {2016},
  volume = {1},
  pages = {287--292},
  doi = {10.1016/B978-0-12-800049-6.00033-0},
  url = {https://www.sciencedirect.com/science/article/pii/B9780128000496000330}
}

@book{walsh2018evolution,
  author = {Walsh, Bruce and Lynch, Michael},
  title = {Evolution and Selection of Quantitative Traits},
  year = {2018},
  pages = {1,496},
  publisher = {Oxford University Press},
  address = {Oxford, UK}
}

@article{wang2011unbiased,
  author = {Wang, Jinliang},
  title = {Unbiased Relatedness Estimation in Structured Populations},
  journal = {Genetics},
  year = {2011},
  volume = {187},
  number = {3},
  pages = {887–-901},
  doi = {10.1534/genetics.110.124438},
  url = {https://dx.doi.org/10.1534/genetics.110.124438}
}

@article{wang2014marker,
  author = {Wang, J.},
  title = {Marker-based estimates of relatedness and inbreeding coefficients: an assessment of current methods},
  journal = {Journal of Evolutionary Biology},
  year = {2014},
  volume = {27},
  number = {3},
  pages = {518--530},
  doi = {10.1111/jeb.12315},
  url = {https://doi.org/10.1111/jeb.12315}
}

@article{weir2006genetic,
  author = {Weir, Bruce S. and Anderson, Amy D. and Hepler, Amanda B.},
  title = {Genetic relatedness analysis: modern data and new challenges},
  journal = {Nature Reviews Genetics},
  year = {2006},
  volume = {7},
  number = {10},
  pages = {771-–780},
  doi = {10.1038/nrg1960},
  url = {https://dx.doi.org/10.1038/nrg1960}
}

@article{weir2017unified,
  author = {Weir, Bruce S. and Goudet, Jerome},
  title = {A Unified Characterization of Population Structure and Relatedness},
  journal = {Genetics},
  year = {2017},
  volume = {206},
  number = {4},
  pages = {2085--2103},
  doi = {10.1534/genetics.116.198424},
  url = {https://academic.oup.com/genetics/article/206/4/2085/6072590}
}

@article{weir2018how,
  author = {Weir, Bruce S. and Goudet, Jerome},
  title = {How to estimate kinship},
  journal = {Molecular Evolutionary Ecology},
  year = {2018},
  volume = {27},
  number = {20},
  pages = {4121--4135},
  doi = {10.1111/mec.14833},
  url = {https://doi.org/10.1111/mec.14833}
}

@article{whalen2018hybrid,
  title = {Hybrid peeling for fast and accurate calling, phasing, and imputation with sequence data of any coverage in pedigrees},
  author = {Whalen, A. and Ros-Freixedes, R. and Wilson, D. L. and Gorjanc, G. and Hickey, J. M.},
  journal = {Genetics Selection Evolution},
  year = {2018},
  volume = {50},
  number = {67},
  doi = {10.1186/s12711-018-0438-2}
}

@article{white2020effect,
  author = {White, Ian M. S and Hill, William G.},
  title = {Effect of heterogeneity in recombination rate on variation in realised relationship},
  journal = {Heredity},
  year = {2020},
  volume = {124},
  number = {1},
  pages = {28--36},
  doi = {10.1038/s41437-019-0241-z},
  url = {https://doi.org/10.1038/s41437-019-0241-z}
}

@article{wohns2022unified,
  author = {Wohns, Anthony Wilder and Wong, Yan and Jeffery, Ben and Akbari, Ali and Mallick, Swapan and Pinhasi, Ron and Patterson, Nick and Reich, David and Kelleher, Jerome and McVean, Gil},
  title = {A unified genealogy of modern and ancient genomes},
  journal = {Science},
  year = {2022},
  volume = {375},
  number = {6583},
  pages = {eabi8264},
  doi = {10.1126/science.abi8264},
  url = {https://www.science.org/doi/abs/10.1126/science.abi8264}
}

@article {wong2023general,
  author = {Wong, Yan and Ignatieva, Anastasia and Koskela, Jere and Gorjanc, Gregor and Wohns, Anthony W. and Kelleher, Jerome},
  title = {A general and efficient representation of ancestral recombination graphs},
  journal = {bioRxiv},
  year = {2023},
  doi = {10.1101/2023.11.03.565466},
  url = {https://www.biorxiv.org/content/early/2023/11/04/2023.11.03.565466}
}

@article{wray1990accounting,
  author = {Wray, Naomi R.},
  title = {Accounting for Mutation Effects in the Additive Genetic Variance-Covariance Matrix and Its Inverse},
  journal = {Biometrics},
  year = {1990},
  volume = {46},
  number = {1},
  pages = {177--186},
  doi = {10.2307/2531640},
  url = {https://www.jstor.org/stable/2531640}
}

@article{wright1921systems,
  author = {Wright, Sewall},
  title = {Systems of mating. {I}. {T}he biometric relations between parent and offspring},
  journal = {Genetics},
  year = {1921},
  volume = {6},
  number = {2},
  pages = {111--123},
  doi = {10.1093/genetics/6.2.111},
  url = {https://doi.org/10.1093/genetics/6.2.111}
}

@article{wright1922coefficients,
  author = {Wright, Sewall},
  title = {Coefficients of Inbreeding and Relationship},
  journal = {The American Naturalist},
  year = {1922},
  number = {645},
  pages = {330--338},
  volume = {56},
  doi = {10.1086/279872},
  url = {https://doi.org/10.1086/279872}
}

@article{wright1949genetical,
  author = {Wright, Sewall},
  title = {The genetical structure of populations},
  journal = {Annals of eugenics},
  year = {1949},
  volume = {15},
  number = {1},
  pages = {323--354},
  doi = {10.1111/j.1469-1809.1949.tb02451.x},
  url = {https://doi.org/10.1111/j.1469-1809.1949.tb02451.x}
}

@article{wright1965interpretation,
  author = {Wright, Sewall},
  title = {The Interpretation of Population Structure by {F}-Statistics with Special Regard to Systems of Mating},
  journal = {Evolution},
  year = {1965},
  volume = {19},
  number = {3},
  pages = {395--420},
  doi = {10.2307/2406450},
  url = {https://www.jstor.org/stable/2406450}
}

% --- Y -----------------------------------------------------------------------

@article{yang2010common,
  author = {Yang, Jian and Benyamin, Beben and McEvoy, Brian P. and Gordon, Scott and Henders, Anjali K. and Nyholt, Dale R. and Madden, Pamela A. and Heath, Andrew C. and Martin, Nicholas G. and Montgomery, Grant W. and Goddard, Michael E. and Visscher, Peter M.},
  title = {Common {SNP}s explain a large proportion of the heritability for human height},
  journal = {Nature Genetics},
  year = {2010},
  volume = {42},
  number = {7},
  pages = {565--569},
  doi = {10.1038/ng.608},
  url = {https://doi.org/10.1038/ng.608}
}

@article{young2018relatedness,
  author = {Young, Alexander I. and Frigge, Michael L. and Gudbjartsson, Daniel F. and Thorleifsson, Gudmar and Bjornsdottir, Gyda and Sulem, Patrick and Masson, Gisli and Thorsteinsdottir, Unnur and Stefansson, Kari and Kong, Augustine},
  title = {Relatedness disequilibrium regression estimates heritability without environmental bias},
  journal = {Nature Genetics},
  year = {2018},
  volume = {50},
  number = {9},
  pages = {1304–-1310},
  doi = {10.1038/s41588-018-0178-9},
  url = {https://dx.doi.org/10.1038/s41588-018-0178-9}
}

@article{young2022discovering,
  author={Young, Alexander I.},
  title = {Discovering missing heritability in whole-genome sequencing data},
  journal = {Nature Genetics},
  year = {2022},
  volume = {54},
  number = {3},
  pages = {224-–226},
  doi = {10.1038/s41588-022-01012-3},
  url = {http://dx.doi.org/10.1038/s41588-022-01012-3}
}

@article{yu2006unified,
  author = {Yu, J. and Pressoir, G. and Briggs, W. H. and Vroh Bi, I. and Yamasaki, M. and Doebley, J. F. and McMullen, M. D. and Gaut, B. S. and Nielsen, D. M. and Holland, J. B. and Kresovich, S. and Buckler, E. S.},
  title = {A unified mixed-model method for association mapping that accounts for multiple levels of relatedness},
  journal = {Nature Genetics},
  year = {2006},
  volume = {38},
  number = {2},
  pages = {203–-208},
  doi = {10.1038/ng1702},
  url = {https://doi.org/10.1038/ng1702}
}

% --- Z -----------------------------------------------------------------------

@article{zaitlen2013using,
  author = {Zaitlen, Noah and Kraft, Peter and Patterson, Nick and Pasaniuc, Bogdan and Bhatia, Gaurav and Pollack, Samuela and Price, Alkes L.},
  title = {Using Extended Genealogy to Estimate Components of Heritability for 23 Quantitative and Dichotomous Traits},
  journal = {PLoS Genetics},
  year = {2013},
  volume = {9},
  number = {5},
  pages = {e1003520},
  doi = {10.1371/journal.pgen.1003520},
  url = {https://dx.doi.org/10.1371/journal.pgen.1003520}
}

@article{zeng2018signatures,
  author={Zeng, Jian and de Vlaming, Ronald and Wu, Yang and Robinson, Matthew R. and Lloyd-Jones, Luke R. and Yengo, Loic and Yap, Chloe X. and Xue, Angli and Sidorenko, Julia and McRae, Allan F. and Powell, Joseph E. and Montgomery, Grant W. and Metspalu, Andres and Esko, Tonu and Gibson, Greg and Wray, Naomi R. and Visscher, Peter M. and Yang, Jian},
  title = {Signatures of negative selection in the genetic architecture of human complex traits},
  journal = {Nature Genetics},
  year = {2018},
  volume = {50},
  number = {5},
  pages={746–-753},
  doi = {10.1038/s41588-018-0101-4},
  url = {https://dx.doi.org/10.1038/s41588-018-0101-4}
}

@article{zhang2023biobank,
  author = {Zhang, Brian C. and Biddanda, Arjun and Gunnarsson, Arni Freyr and Cooper, Fergus and Palamara, Pier Francesco},
  title = {Biobank-scale inference of ancestral recombination graphs enables genealogical analysis of complex traits},
  journal = {Nature Genetics},
  year = {2023},
  volume = {55},
  number = {5},
  pages = {768--776},
  doi = {10.1038/s41588-023-01379-x},
  url = {https://doi.org/10.1038/s41588-023-01379-x}
}
